@misc{IntegriKey,
    author = {Aritra Dhar and Der-Yeuan Yu and Kari Kostiainen and Srdjan Capkun},
    title = {IntegriKey: End-to-End Integrity Protection of User Input},
    howpublished = {Cryptology ePrint Archive, Report 2017/1245},
    year = {2017},
    note = {\url{https://eprint.iacr.org/2017/1245}},
}

@article{Fidelius,
  title={Fidelius: Protecting User Secrets from Compromised Browsers},
  author={Eskandarian, Saba and Cogan, Jonathan and Birnbaum, Sawyer and Brandon, Peh Chang Wei and Franke, Dillon and Fraser, Forest and Garcia Jr, Gaspar and Gong, Eric and Nguyen, Hung T and Sethi, Taresh K and others},
  journal={arXiv preprint arXiv:1809.04774},
  year={2018}
}

@inproceedings{weiser2017sgxio,
  title={SGXIO: generic trusted I/O path for Intel SGX},
  author={Weiser, Samuel and Werner, Mario},
  booktitle={Proceedings of the Seventh ACM on Conference on Data and Application Security and Privacy},
  pages={261--268},
  year={2017},
  organization={ACM}
}

@article{dhar2018proximitee,
  title={ProximiTEE: Hardened SGX Attestation and Trusted Path through Proximity Verification},
  author={Dhar, Aritra and Puddu, Ivan and Kostianen, Kari and {\v{C}}apkun, Srdjan},
  year={2018},
  publisher={ETH Zurich}
}

@inproceedings{filyanov2011uni,
  title={Uni-directional trusted path: Transaction confirmation on just one device},
  author={Filyanov, Atanas and McCuney, Jonathan M and Sadeghiz, Ahmad-Reza and Winandy, Marcel},
  booktitle={Dependable Systems \& Networks (DSN), 2011 IEEE/IFIP 41st International Conference on},
  pages={1--12},
  year={2011},
  organization={IEEE}
}

@inproceedings{sun2015trustotp,
  title={Trustotp: Transforming smartphones into secure one-time password tokens},
  author={Sun, He and Sun, Kun and Wang, Yuewu and Jing, Jiwu},
  booktitle={Proceedings of the 22nd ACM SIGSAC Conference on Computer and Communications Security},
  pages={976--988},
  year={2015},
  organization={ACM}
}


@inproceedings{klein2009sel4,
  title={seL4: Formal verification of an OS kernel},
  author={Klein, Gerwin and Elphinstone, Kevin and Heiser, Gernot and Andronick, June and Cock, David and Derrin, Philip and Elkaduwe, Dhammika and Engelhardt, Kai and Kolanski, Rafal and Norrish, Michael and others},
  booktitle={Proceedings of the ACM SIGOPS 22nd symposium on Operating systems principles},
  pages={207--220},
  year={2009},
  organization={ACM}
}

@inproceedings{zhou2012building,
  title={Building verifiable trusted path on commodity x86 computers},
  author={Zhou, Zongwei and Gligor, Virgil D and Newsome, James and McCune, Jonathan M},
  booktitle={Security and Privacy (SP), 2012 IEEE Symposium on},
  pages={616--630},
  year={2012},
  organization={IEEE}
}

@inproceedings{BASTION-SGX,
 author = {Peters, Travis and Lal, Reshma and Varadarajan, Srikanth and Pappachan, Pradeep and Kotz, David},
 title = {BASTION-SGX: Bluetooth and Architectural Support for Trusted I/O on SGX},
 booktitle = {Proceedings of the 7th International Workshop on Hardware and Architectural Support for Security and Privacy},
 series = {HASP '18},
 year = {2018},
 isbn = {978-1-4503-6500-0},
 location = {Los Angeles, California},
 pages = {3:1--3:9},
 articleno = {3},
 numpages = {9},
 url = {http://doi.acm.org/10.1145/3214292.3214295},
 doi = {10.1145/3214292.3214295},
 acmid = {3214295},
 publisher = {ACM},
 address = {New York, NY, USA},
 keywords = {IoT, SGX, bluetooth, trusted I/O},
} 

@article{Overshadow,
 author = {Chen, Xiaoxin and Garfinkel, Tal and Lewis, E. Christopher and Subrahmanyam, Pratap and Waldspurger, Carl A. and Boneh, Dan and Dwoskin, Jeffrey and Ports, Dan R.K.},
 title = {Overshadow: A Virtualization-based Approach to Retrofitting Protection in Commodity Operating Systems},
 journal = {SIGPLAN Not.},
 issue_date = {March 2008},
 volume = {43},
 number = {3},
 month = mar,
 year = {2008},
 issn = {0362-1340},
 pages = {2--13},
 numpages = {12},
 url = {http://doi.acm.org/10.1145/1353536.1346284},
 doi = {10.1145/1353536.1346284},
 acmid = {1346284},
 publisher = {ACM},
 address = {New York, NY, USA},
 keywords = {VMM, cloaking, hypervisors, memory protection, multi-shadowing, operating systems, virtual machine monitors},
} 

@article{criswell2014virtual,
  title={Virtual ghost: Protecting applications from hostile operating systems},
  author={Criswell, John and Dautenhahn, Nathan and Adve, Vikram},
  journal={ACM SIGARCH Computer Architecture News},
  volume={42},
  number={1},
  pages={81--96},
  year={2014},
  publisher={ACM}
}

@inproceedings{hofmann2013inktag,
  title={Inktag: Secure applications on an untrusted operating system},
  author={Hofmann, Owen S and Kim, Sangman and Dunn, Alan M and Lee, Michael Z and Witchel, Emmett},
  booktitle={ACM SIGARCH Computer Architecture News},
  volume={41},
  number={1},
  pages={265--278},
  year={2013},
  organization={ACM}
}

@inproceedings{mccune2010trustvisor,
  title={TrustVisor: Efficient TCB reduction and attestation},
  author={McCune, Jonathan M and Li, Yanlin and Qu, Ning and Zhou, Zongwei and Datta, Anupam and Gligor, Virgil and Perrig, Adrian},
  booktitle={Security and Privacy (SP), 2010 IEEE Symposium on},
  pages={143--158},
  year={2010},
  organization={IEEE}
}

@inproceedings{ta2006splitting,
  title={Splitting interfaces: Making trust between applications and operating systems configurable},
  author={Ta-Min, Richard and Litty, Lionel and Lie, David},
  booktitle={Proceedings of the 7th symposium on Operating systems design and implementation},
  pages={279--292},
  year={2006},
  organization={USENIX Association}
}

@inproceedings{yang2008using,
  title={Using hypervisor to provide data secrecy for user applications on a per-page basis},
  author={Yang, Jisoo and Shin, Kang G},
  booktitle={Proceedings of the fourth ACM SIGPLAN/SIGOPS international conference on Virtual execution environments},
  pages={71--80},
  year={2008},
  organization={ACM}
}

@inproceedings{brandon2017trusted,
  title={Trusted display and input using screen overlays},
  author={Brandon, Anthony and Trimarchi, Michael},
  booktitle={ReConFigurable Computing and FPGAs (ReConFig), 2017 International Conference on},
  pages={1--6},
  year={2017},
  organization={IEEE}
}

