@misc{IntegriKey,
    author = {Aritra Dhar and Der-Yeuan Yu and Kari Kostiainen and Srdjan Capkun},
    title = {IntegriKey: End-to-End Integrity Protection of User Input},
    howpublished = {Cryptology ePrint Archive, Report 2017/1245},
    year = {2017},
    note = {\url{https://eprint.iacr.org/2017/1245}}
}

@article{Fidelius,
  title={Fidelius: Protecting User Secrets from Compromised Browsers},
  author={Eskandarian, Saba and Cogan, Jonathan and Birnbaum, Sawyer and Brandon, Peh Chang Wei and Franke, Dillon and Fraser, Forest and Garcia Jr, Gaspar and Gong, Eric and Nguyen, Hung T and Sethi, Taresh K and others},
  journal={arXiv preprint arXiv:1809.04774},
  year={2018}
}

@inproceedings{weiser2017sgxio,
  title={SGXIO: generic trusted I/O path for Intel SGX},
  author={Weiser, Samuel and Werner, Mario},
  booktitle={Proceedings of the Seventh ACM on Conference on Data and Application Security and Privacy},
  year={2017},
  organization={ACM}
}

@article{dhar2018proximitee,
  title={ProximiTEE: Hardened SGX Attestation and Trusted Path through Proximity Verification},
  author={Dhar, Aritra and Puddu, Ivan and Kostianen, Kari and {\v{C}}apkun, Srdjan},
  year={2018},
  publisher={ETH Zurich}
}

@inproceedings{filyanov2011uni,
  title={Uni-directional trusted path: Transaction confirmation on just one device},
  author={Filyanov, Atanas and McCuney, Jonathan M and Sadeghiz, Ahmad-Reza and Winandy, Marcel},
  booktitle={Dependable Systems \& Networks (DSN), 2011 IEEE/IFIP 41st International Conference on},
  year={2011},
  organization={IEEE}
}

@inproceedings{sun2015trustotp,
  title={Trustotp: Transforming smartphones into secure one-time password tokens},
  author={Sun, He and Sun, Kun and Wang, Yuewu and Jing, Jiwu},
  booktitle={Proceedings of the 22nd ACM SIGSAC Conference on Computer and Communications Security},
  year={2015},
  organization={ACM}
}


@inproceedings{klein2009sel4,
  title={seL4: Formal verification of an OS kernel},
  author={Klein, Gerwin and Elphinstone, Kevin and Heiser, Gernot and Andronick, June and Cock, David and Derrin, Philip and Elkaduwe, Dhammika and Engelhardt, Kai and Kolanski, Rafal and Norrish, Michael and others},
  booktitle={Proceedings of the ACM SIGOPS 22nd symposium on Operating systems principles},
  year={2009},
  organization={ACM}
}

@inproceedings{zhou2012building,
  title={Building verifiable trusted path on commodity x86 computers},
  author={Zhou, Zongwei and Gligor, Virgil D and Newsome, James and McCune, Jonathan M},
  booktitle={Security and Privacy (SP), 2012 IEEE Symposium on},
  year={2012},
  organization={IEEE}
}

@inproceedings{BASTION-SGX,
 author = {Peters, Travis and Lal, Reshma and Varadarajan, Srikanth and Pappachan, Pradeep and Kotz, David},
 title = {BASTION-SGX: Bluetooth and Architectural Support for Trusted I/O on SGX},
 booktitle = {Proceedings of the 7th International Workshop on Hardware and Architectural Support for Security and Privacy},
 series = {HASP '18},
 year = {2018},
 publisher = {ACM}
} 

@article{Overshadow,
 author = {Chen, Xiaoxin and Garfinkel, Tal and Lewis, E. Christopher and Subrahmanyam, Pratap and Waldspurger, Carl A. and Boneh, Dan and Dwoskin, Jeffrey and Ports, Dan R.K.},
 title = {Overshadow: A Virtualization-based Approach to Retrofitting Protection in Commodity Operating Systems},
 journal = {SIGPLAN Not.},
 issue_date = {March 2008}
} 

@article{criswell2014virtual,
  title={Virtual ghost: Protecting applications from hostile operating systems},
  author={Criswell, John and Dautenhahn, Nathan and Adve, Vikram},
  journal={ACM SIGARCH Computer Architecture News},
  year={2014},
  publisher={ACM}
}

@inproceedings{hofmann2013inktag,
  title={Inktag: Secure applications on an untrusted operating system},
  author={Hofmann, Owen S and Kim, Sangman and Dunn, Alan M and Lee, Michael Z and Witchel, Emmett},
  booktitle={ACM SIGARCH Computer Architecture News},
  year={2013},
  organization={ACM}
}

@inproceedings{mccune2010trustvisor,
  title={TrustVisor: Efficient TCB reduction and attestation},
  author={McCune, Jonathan M and Li, Yanlin and Qu, Ning and Zhou, Zongwei and Datta, Anupam and Gligor, Virgil and Perrig, Adrian},
  booktitle={Security and Privacy (SP), 2010 IEEE Symposium on},
  year={2010},
  organization={IEEE}
}

@inproceedings{ta2006splitting,
  title={Splitting interfaces: Making trust between applications and operating systems configurable},
  author={Ta-Min, Richard and Litty, Lionel and Lie, David},
  booktitle={Proceedings of the 7th symposium on Operating systems design and implementation},
  year={2006},
  organization={USENIX Association}
}

@inproceedings{yang2008using,
  title={Using hypervisor to provide data secrecy for user applications on a per-page basis},
  author={Yang, Jisoo and Shin, Kang G},
  booktitle={Proceedings of the fourth ACM SIGPLAN/SIGOPS international conference on Virtual execution environments},
  year={2008},
  organization={ACM}
}

@inproceedings{brandon2017trusted,
  title={Trusted display and input using screen overlays},
  author={Brandon, Anthony and Trimarchi, Michael},
  booktitle={ReConFigurable Computing and FPGAs (ReConFig), 2017 International Conference on},
  year={2017},
  organization={IEEE}
}

@inproceedings{azab2011sice,
  title={Sice: a hardware-level strongly isolated computing environment for x86 multi-core platforms},
  author={Azab, Ahmed M and Ning, Peng and Zhang, Xiaolan},
  booktitle={Proceedings of the 18th ACM conference on Computer and communications security},
  year={2011},
  organization={ACM}
}

@inproceedings{vasudevan2012carma,
  title={CARMA: A hardware tamper-resistant isolated execution environment on commodity x86 platforms},
  author={Vasudevan, Amit and McCune, Jonathan and Newsome, James and Perrig, Adrian and Van Doorn, Leendert},
  booktitle={Proceedings of the 7th ACM Symposium on Information, Computer and Communications Security},
  year={2012},
  organization={ACM}
}

@inproceedings{lukaSpoof,
 author = {Malisa, Luka and Kostiainen, Kari and Capkun, Srdjan},
 title = {Detecting Mobile Application Spoofing Attacks by Leveraging User Visual Similarity Perception},
 booktitle = {Proceedings of the Seventh ACM on Conference on Data and Application Security and Privacy},
 series = {CODASPY '17},
 publisher = {ACM}
} 

@article{Chen:2010:DVS:1754393.1754394,
 author = {Chen, Teh-Chung and Dick, Scott and Miller, James},
 title = {Detecting Visually Similar Web Pages: Application to Phishing Detection},
 journal = {ACM Trans. Internet Technol.},
 issue_date = {May 2010}
 } 

@misc{opencv, title={OpenCV library}, url={https://opencv.org/}, journal={About - OpenCV library}}


@Misc{softSupplyChainAttack,
	title = {{Supply Chain Attacks Increase As Cybercriminals Focus On Exploiting Weak Links}},
	author={{Forbes}},
	howpublished = {\url{https://www.forbes.com/sites/tonybradley/2018/08/01/supply-chain-attacks-increase-as-cybercriminals-focus-on-exploiting-weak-links/}},
	year={accessed jan 2018}
}

@Misc{jsSupplyChainAttack,
	title = {{Nearly 700,000 websites are hacked in bid to steal cryptocurrency}},
	author={{DigitalTrends.com}},
	howpublished = {\url{https://www.digitaltrends.com/computing/statcounter-700000-websites-hacked-cryptocurrency/}},
	year={accessed jan 2018}
}
@article{ye2005trusted,
  title={Trusted paths for browsers},
  author={Ye, Zishuang Eileen and Smith, Sean and Anthony, Denise},
  journal={ACM Transactions on Information and System Security (TISSEC)},
  year={2005},
  publisher={ACM}
}

@article{dhar2018proximitee,
  title={Proximitee: Hardened sgx attestation and trusted path through proximity verification},
  author={Dhar, Aritra and Puddu, Ivan and Kostianen, Kari and {\v{C}}apkun, Srdjan},
  year={2018},
  publisher={ETH Zurich}
}

@inproceedings{wiseman1988trusted,
  title={The trusted path between SMITE and the user},
  author={Wiseman, Simon and Terry, Phil and Wood, Andrew and Harrold, Clare},
  booktitle={Security and Privacy, 1988. Proceedings., 1988 IEEE Symposium on},
  year={1988},
  organization={IEEE}
}


@inproceedings{garfinkel2003terra,
  title={Terra: A virtual machine-based platform for trusted computing},
  author={Garfinkel, Tal and Pfaff, Ben and Chow, Jim and Rosenblum, Mendel and Boneh, Dan},
  booktitle={ACM SIGOPS Operating Systems Review},
  year={2003},
  organization={ACM}
}

@inproceedings{liu2014veriui,
  title={Veriui: Attested login for mobile devices},
  author={Liu, Dongtao and Cox, Landon P},
  booktitle={Proceedings of the 15th Workshop on Mobile Computing Systems and Applications},
  pages={7},
  year={2014},
  organization={ACM}
}

@inproceedings{li2015adattester,
  title={Adattester: Secure online mobile advertisement attestation using trustzone},
  author={Li, Wenhao and Li, Haibo and Chen, Haibo and Xia, Yubin},
  booktitle={Proceedings of the 13th Annual International Conference on Mobile Systems, Applications, and Services},
  year={2015},
  organization={ACM}
}


@article{ying2018truz,
  title={TruZ-Droid: Integrating TrustZone with Mobile Operating System},
  author={Ying, Kailiang and Ahlawat, Amit and Alsharifi, Bilal and Jiang, Yuexin and Thavai, Priyank and Du, Wenliang},
  year={2018}
}

@inproceedings{li2014building,
  title={Building trusted path on untrusted device drivers for mobile devices},
  author={Li, Wenhao and Ma, Mingyang and Han, Jinchen and Xia, Yubin and Zang, Binyu and Chu, Cheng-Kang and Li, Tieyan},
  booktitle={Proceedings of 5th Asia-Pacific Workshop on Systems},
  pages={8},
  year={2014},
  organization={ACM}
}

@inproceedings{li2018vbutton,
  title={VButton: Practical Attestation of User-driven Operations in Mobile Apps},
  author={Li, Wenhao and Luo, Shiyu and Sun, Zhichuang and Xia, Yubin and Lu, Long and Chen, Haibo and Zang, Binyu and Guan, Haibing},
  booktitle={Proceedings of the 16th Annual International Conference on Mobile Systems, Applications, and Services},
  year={2018},
  organization={ACM}
}

@inproceedings{sani2017schrodintext,
  title={SchrodinText: Strong Protection of Sensitive Textual Content of Mobile Applications.},
  author={Sani, Ardalan Amiri},
  booktitle={MobiSys},
  year={2017}
}

@inproceedings{huang2012clickjacking,
  title={Clickjacking: Attacks and defenses},
  author={Huang, Lin-Shung and Moshchuk, Alex and Wang, Helen J and Schecter, Stuart and Jackson, Collin},
  booktitle={Presented as part of the 21st $\{$USENIX$\}$ Security Symposium ($\{$USENIX$\}$ Security 12)},
  pages={413--428},
  year={2012}
}

@inproceedings{blake1998authenticated,
  title={Authenticated Diffe-Hellman key agreement protocols},
  author={Blake-Wilson, Simon and Menezes, Alfred},
  booktitle={International Workshop on Selected Areas in Cryptography},
  pages={339--361},
  year={1998},
  organization={Springer}
}


@InProceedings{McCPerRei2006,
    author =    {Jonathan M. Mc{C}une and Adrian Perrig and Michael K. Reiter},
    title =     {Bump in the Ether: A Framework for Securing Sensitive User Input},
    url = {/publications/papers/mccunej_bite.pdf},
    booktitle = {Proceedings of USENIX Annual Technical Conference (USENIX ATC)},
    year =      2006,
    month =     jun
}


